@online{tvtropes,
author = {Tvtropes},
title = {Cel Shading},
year = {2016},
url = {http://tvtropes.org/pmwiki/pmwiki.php/Main/CelShading},
}
@online{kinkley2016,
author = {Jonathan Kinkley},
title = {The 'flat' 3-D look: A breif history of cel shading in video games},
year = {2016},
url = {http://www.avclub.com/article/flat-3-d-look-brief-history-cel-shading-video-game-212807},
}


@online{sunandblackcat2016,
author = {SunandBlackCat},
title = {Non-photorealistic Rendering - Cel shading},
year = {2016},
url = {http://sunandblackcat.com/tipFullView.php?l=eng&topicid=15},
}


@online{clone-push,
author = {The 3D Tutor},
title = {3ds Max Tutorial - EASY Cell Shaded Black Outline Effect},
year = {2016},
url = {https://www.youtube.com/watch?v=971QTj_aDac},
}


@online{npr,
author = {Simon M. Danner \& Christoph J. Winklhofer},
title = {Catoon Rendering Style},
year = {2016},
url = {https://www.researchgate.net/publication/228477901_Cartoon_Style_Rendering},
}

@online{StruggleForIdeas,
author = {Nintendo community staff 1},
title = {Iwata Asks: The Legend of Zelda: The Wind Waker HD},
year = {2012},
url = {http://iwataasks.nintendo.com/interviews/#/wiiu/wind-waker/0/0},
}

@online{ToonLinkIsBorn,
author = {Nintendo Community Staff 2},
title = {Iwata Asks: The Legend of Zelda: The Wind Waker HD},
year = {2012},
url = {http://iwataasks.nintendo.com/interviews/#/wiiu/wind-waker/0/0},
}

@online{nintendo,
author = {Nintendo},
title = {Wind Waker interview},
year = {Unknowen},
url = {http://www.gamecubicle.com/interview-legend_of_zelda_wind_waker_miyamoto.htm},
}

@online{Zelda,
author = {IGN},
title = {Zelda on Gamecube},
year = {2000},
url = {http://www.ign.com/articles/2000/08/24/zelda-on-gamecube},
}

@online{BigScore,
author = {IGN Staff 2},
title = {Zelda Scores Big},
year = {202},
url = {http://www.ign.com/articles/2002/12/11/zelda-scores-big},
}

